
@article{Bentall1967,
   author    = {R.H. Bentall and K.L. Johnson},
   title     = {Slip in the rolling contact of two dissimilar elastic
                rollers},
   journal   = {Int.J. of Mechanical Sciences},
   volume    = {9},
   pages     = {380-404},
   year      = {1967}
}

@article{BlancoLorenzo2016,
   author    = {J. Blanco-Lorenzo and J. Santamaria and E.G. Vadillo and N.
                Correa},
   title     = {On the influence of conformity on wheel-rail rolling
                contact mechanics},
   journal   = {Tribology International},
   volume    = {103},
   pages     = {647-667},
   year      = {2016}
}
keywords     = {wheel-rail contact; conformal contact; rolling contact; FE
                modelling}

@article{BlancoLorenzo2021a-inflcoef,
   author    = {J. Blanco-Lorenzo and E.A.H. Vollebregt and J. Santamaria
                and E.G. Vadillo},
   title     = {Approximating the influence coefficients of non-planar
                elastic solids for conformal contact analysis},
   journal   = {Tribology International},
   volume    = {154},
   pages     = {106671},
   doi       = {10.1016/j.triboint.2020.106671},
   year      = {2021}
}

@book{Bower2008,
   author    = {A.F. Bower},
   title     = {Applied Mechanics of Solids},
   publisher = {CRC Press, Taylor and Francis Group},
   address   = {Boca Raton},
   year      = {2010},
   note      = {See {\tt www.solidmechanics.org}}
}

@book{Craig2006,
   author    = {Craig Jr., R.R. and A.J. Kurdila},
   title     = {Fundamentals of structural dynamics, 2nd edition},
   publisher = {John Wiley \& Sons},
   address   = {Hoboken, New Jersey},
   year      = {2006}
}

@inproceedings{Croft2010-iwrn10,
   author    = {B.E. Croft and E.A.H. Vollebregt and D.J. Thompson},
   title     = {An investigation of velocity-dependent friction in
                wheel-rail rolling contact},
   booktitle = {Proceedings of the 10th International Workshop on Railway
                Noise, Nagahama, Japan},
   editor    = {M. Uchida and T. Maeda and K. Goto},
   year      = {2010}
}

@article{Engel1998,
   author    = {B. Engel and H.P. Beck and J. Alders},
   title     = {Verschlei{\ss}reduzierende {R}adschlupfregelung mit hoher
                {K}raftschlussausnutzung},
   journal   = {Elektrische Bahnen},
   volume    = {96},
   pages     = {201-209},
   year      = {1998}
}

@article{Ertz2002a,
   author    = {M. Ertz and K. Knothe},
   title     = {A comparison of analytical and numerical methods for the
                calculation of temperatures in wheel/rail contact},
   journal   = {Wear},
   volume    = {253},
   pages     = {498-508},
   year      = {2002}
}
keywords     = {wheel/rail contact; flash temperature; contact temperature;
                convection}

@book{Henney2010,
   author    = {K. Henney},
   title     = {97 Things Every Programmer Should Know: Collective Wisdom
                from the Experts},
   publisher = {O'Reilly and Associates},
   address   = {Boston, MA},
   year      = {2010}
}

@book{Hibbeler2012,
   author    = {R.C. Hibbeler},
   title     = {Engineering Mechanics - Statics and Dynamics, 13th Edition},
   publisher = {Pearson Prentice Hall},
   address   = {Upper Saddle River, New Jersey},
   year      = {2012}
}

@article{Hou1997,
   author    = {K. Hou and J. Kalousek and E. Magel},
   title     = {Rheological model of solid layer in rolling contact},
   journal   = {Wear},
   volume    = {211},
   pages     = {134-140},
   year      = {1997}
}
keywords     = {third body; solid lubrication; interfacial layer; oxidation
                wear}

@book{Johnson1985,
   author    = {K.L. Johnson},
   address   = {Cambridge (UK)},
   publisher = {Cambridge University Press},
   title     = {Contact Mechanics},
   year      = {1985}
}

@phdthesis{Kalker1967,
   author    = {J.J. Kalker},
   title     = {On the rolling contact of two elastic bodies in the
                presence of dry friction},
   year      = {1967},
   school    = {Delft University of Technology}
}

@article{Kalker1973,
   author    = {J.J. Kalker},
   journal   = {Delft Progress Report Series C1},
   title     = {Simplified theory of rolling contact},
   volume    = {1},
   pages     = {1-10},
   year      = {1973}
}

@article{Kalker1979a,
   author    = {J.J. Kalker},
   title     = {The Computation of Three-Dimensional Rolling Contact with Dry
                Friction},
   journal   = {Int. Journ. for Numerical Methods in Engineering},
   volume    = {14},
   pages     = {1293-1307},
   year      = {1979}
}

@article{Kalker1982a-fastsim,
   author    = {J.J. Kalker},
   title     = {A fast algorithm for the simplified theory of rolling contact},
   journal   = {Vehicle System Dynamics},
   volume    = {11},
   pages     = {1-13},
   year      = {1982}
}

@article{Kalker1986a,
   author    = {J.J. Kalker},
   title     = {Numerical calculation of the elastic field in a half-space},
   journal   = {Comm. Appl. Num. Meth.},
   note      = {Reprinted as Appendix C in \cite{Kalker1990}},
   pages     = {401-410},
   volume    = {2},
   year      = {1986}
}

@book{Kalker1990,
   author    = {J.J. Kalker},
   title     = {Three-Dimensional Elastic Bodies in Rolling Contact},
   volume    = {2},
   series    = {Solid Mechanics and its Applications},
   publisher = {Kluwer Academic Publishers},
   address   = {Dordrecht, Netherlands},
   year      = {1990}
}
;  serieseditor    = {G.M.L. Gladwell},

@inproceedings{Kalker1996b-usetab,
   author    = {J.J. Kalker},
   title     = {Book of tables for the {H}ertzian creep-force law},
   pages     = {11-20},
   crossref  = {Zobory1996}
}

@article{Kalker1997,
   author    = {J.J. Kalker and F.M. Dekking and E.A.H. Vollebregt},
   title     = {Simulation of rough, elastic contacts},
   journal   = {Journal of Applied Mechanics},
   volume    = {64},
   number    = {2},
   pages     = {361-368},
   year      = {1997}
}

@incollection{Kalker2000,
   author    = {J.J. Kalker},
   title     = {Rolling Contact Phenomena - Linear Elasticity},
   pages     = {1-85},
   year      = {2000},
   crossref  = {Jacobson2000}
}

@article{Karimaki1991,
   author    = {V. Karim\"aki},
   title     = {Effective circle fitting for particle trajectories},
   journal   = {Nuclear Instruments and Methods in Physics Research},
   volume    = {A305},
   pages     = {187-191},
   year      = {1991}
}

@inproceedings{Kik1996,
   author  = {W. Kik and J. Piotrowski},
   title   = {A fast approximate method to calculate normal load at contact
              between wheel and rail and creep forces during rolling},
   crossref  = {Zobory1996}
}

@article{Kopp2008,
   author    = {J. Kopp},
   title     = {Efficient numerical diagonalization of {H}ermitian $3\times 3$
                matrices},
   journal   = {International Journal of Modern Physics C},
   volume    = {19},
   pages     = {523-548},
   year      = {2008}
}

@phdthesis{Li_zili2002-phd-thesis,
   author    = {Zili Li},
   title     = {Wheel-rail rolling contact and its application to wear
                simulation},
   school    = {Delft University of Technology},
   year      = {2002}
}

@article{Love1929,
   author    = {A.E.H. Love},
   title     = {Stress produced in a semi-infinite solid by pressure on
                part of the boundary},
   journal   = {Philosophical Transactions of the Royal Society of London},
   volume    = {A228},
   pages     = {377-420},
   year      = {1929}
}

@phdthesis{Maglio2023a-phd,
   author    = {M. Maglio},
   title     = {Influence of railway wheel tread damage and track
                properties on wheelset durability -- field tests and
                numerical simulation},
   school    = {Chalmers University of Technology},
   year      = {2023}
}

@article{Maglio2023b,
   author    = {M. Maglio and T. Vernersson and J.C.O. Nielsen and 
                A. Ekberg and E. Kabo},
   title     = {Influence of railway wheel tread damage on wheel-rail
                impact loads and the durability of wheelsets},
   journal   = {Railway Engineering Science},
   year      = {2023}
}

@article{Malvezzi2008,
   author    = {M. Malvezzi and E. Meli and S. Falomi and A. Rindi},
   title     = {Determination of wheel-rail contact points with
                semianalytic methods},
   journal   = {Multibody System Dynamics},
   volume    = {20},
   pages     = {327-358},
   year      = {2008}
}
keywords     = {contact point location; railway simulation; on-line contact
                detection}

@mastersthesis{Mattsson2023,
   author    = {Klara Mattsson},
   title     = {Wheel-rail impact loads generated by wheel flats},
   school    = {Chalmers University of Technology},
   year      = {2023}
}

@article{Meymand2016a-review,
   author    = {S.Z. Meymand and A. Keylin and M. Ahmadian},
   title     = {A survey of wheel-rail contact models for rail vehicles},
   journal   = {Vehicle System Dynamics},
   volume    = {54},
   pages     = {368-428},
   year      = {2016}
}
keywords     = {contact mechanics; wheel-rail interaction; creep force model;
                tribology; rolling friction; traction}

@article{Munisamy1991,
   author    = {R. Munisamy and D.A. Hills and D. Nowell},
   title     = {Brief note on the tractive rolling of dissimilar elastic
                cylinders},
   journal   = {Int. Journ. of Mechanical Sciences},
   volume    = {33},
   number    = {3},
   pages     = {225-228},
   year      = {1991}
}

@book{Naghdi2001,
   author    = {P.M. Naghdi},
   title     = {P.M.\ Naghdi's Notes on Continuum Mechanics},
   publisher = {University of California, Department of Mechanical Engineering},
   address   = {Berkeley},
   year      = {2001}
}

@inproceedings{Nielsen1996,
   author    = {J.B. Nielsen and A. Theiler},
   title     = {Tangential contact problem with friction coefficients
                depending on sliding velocity},
   pages     = {44-51},
   crossref  = {Zobory1996}
}
keywords     = {dependent friction coefficient; tangential stress distribution;
                creep curve}

@article{Piotrowski2008,
   author    = {J. Piotrowski and W. Kik},
   title     = {A simplified model of wheel/rail contact mechanics for
                non-{H}ertzian problems and its application in rail vehicle
                dynamics simulations},
   journal   = {Vehicle System Dynamics},
   volume    = {46},
   number    = {1-2},
   pages     = {27-48},
   year      = {2008}
}

@article{Piotrowski2017,
   author    = {J. Piotrowski and B.B. Liu and S. Bruni},
   title     = {The {K}alker book of tables for non-{H}ertzian contact of
                wheel and rail},
   journal   = {Vehicle System Dynamics},
   volume    = {55},
   pages     = {875-901},
   year      = {2017},
   note      = {DOI: 10.1080/\-00423114.\-2017.1291980}
}
keywords     = {Wheel-rail contact; creep force; non-Hertzian contact; book
                of tables; vehicle dynamics}

@article{Polach2005,
   author    = {O. Polach},
   title     = {Creep forces in simulations of traction vehicles running on
                adhesion limit},
   journal   = {Wear},
   volume    = {258},
   pages     = {992-1000},
   year      = {2005}
}
keywords     = {wheel-rail contact; wet or contaminated rail; creep forces;
                railway vehicle dynamics; multi-body simulation; traction
                vehicles}

@book{Popov2010a-book,
   author    = {V.L. Popov},
   title     = {Contact Mechanics and Friction. Physical Principles and
                Applications},
   publisher = {Springer-Verlag},
   address   = {Berlin},
   year      = {2010}
}

@techreport{Roylance2001,
   author    = {D. Roylance},
   title     = {Engineering viscoelasticity},
   institution = {Massachusetts Institute of Technology},
   address   = {Cambridge, MA, USA},
   year      = {2001}
}

@book{Shabana2008,
   author    = {A.A. Shabana and K.E. Zaazaa and H. Sugiyama},
   title     = {Railroad Vehicle Dynamics: A Computational Approach},
   publisher = {CRC Press},
   address   = {Boca Raton},
   year      = {2008}
}

@book{Shabana2013,
   author    = {A.A. Shabana},
   title     = {Dynamics of Multibody Systems -- Fourth Edition},
   publisher = {Cambridge University Press},
   address   = {New York},
   year      = {2013}
}

@book{Shabana2020-book,
   author    = {A.A. Shabana},
   title     = {Dynamics of Multibody Systems -- Fifth Edition},
   publisher = {Cambridge University Press},
   address   = {New York},
   year      = {2020}
}

@misc{Shackleton2006,
   author    = {P. Shackleton and S.D. Iwnicki},
   title     = {Wheel-Rail Contact Benchmark, version 3.0},
   howpublished = {Rail Technology Unit, {M}anchester Metropolitan 
                University},
   year      = {2006}
}

@article{Shackleton2008,
   author    = {P. Shackleton and S.D. Iwnicki},
   title     = {Comparison of wheel-rail contact codes for railway vehicle
                simulation: an introduction to the {M}anchester {C}ontact
                {B}enchmark and initial results},
   journal   = {Vehicle System Dynamics},
   volume    = {46},
   number    = {1-2},
   pages     = {129-149},
   year      = {2008}
}
keywords     = {wheel-rail contact; railway; modeling; comparison}

@article{Sichani2014b,
   author    = {M.Sh. Sichani and R. Enblom and M. Berg},
   title     = {A novel method to model wheel-rail normal contact in
                vehicle dynamics simulation},
   journal   = {Vehicle System Dynamics},
   volume    = {52},
   pages     = {1752-1764},
   year      = {2014}
}
keywords     = {wheel-rail contact; Hertz; non-elliptic contact; rail vehicle
                dynamics}

@article{Spiryagin2013,
   author    = {M. Spiryagin and O. Polach and C. Cole},
   title     = {Creep force modelling for rail traction vehicles based on
                the {F}astsim algorithm},
   journal   = {Vehicle System Dynamics},
   volume    = {51},
   pages     = {1765-1783},
   year      = {2013}
}
keywords     = {wheel; rail; creep force; adhesion; friction}

@techreport{Tsjoeng1980,
   author    = {A.S.K.S. Tjoeng and J.J. Kalker},
   title     = {User's manual for the program {DUVOROL} in {A}lgol 60 \&
                {F}ortran for the computation of three-dimensional rolling
                contact with dry friction},
   institution = {Delft University of Technology},
   address   = {Delft},
   month     = {June},
   year      = {1980}
}

@techreport{Vollebregt1993f-con93,
   author    = {E.A.H. Vollebregt and J.J. Kalker and G.Q. Wang},
   title     = {{CONTACT}'93 Users Manual},
   institution = {Delft University of Technology},
   year      = {1993}
}

@article{Vollebregt1995a-convexgs,
   author    = {E.A.H. Vollebregt},
   title     = {A {G}auss-{S}eidel type solver for special convex programs,
                with application to frictional contact mechanics},
   journal   = {J. of Optimization Theory and Applications},
   volume    = {87},
   number    = {1},
   pages     = {47-67},
   year      = {1995}
}

@inproceedings{Vollebregt2009a-cm2009,
   author    = {E.A.H. Vollebregt},
   title     = {Refinement of {Kalker's} rolling contact model},
   pages     = {149-156},
   year      = {2009},
   note      = {\href{http://www.cmcc.nl/downloads/vollebregt2009a-cm2009.pdf}{Open access}},
   crossref  = {Bracciali2009}
}

@techreport{Vollebregt2009b-userguide-v9,
   author    = {E.A.H. Vollebregt},
   title     = {User Guide for {CONTACT}, {J.J.} {K}alker's
                variational contact model},
   institution = {VORtech},
   number    = {TR09-03, v9.1},
   year      = {2009}
}

@article{Vollebregt2010b-fastsim2,
   author    = {E.A.H. Vollebregt and P. Wilders},
   title     = {{FASTSIM2}: a second order accurate frictional rolling
                contact algorithm},
   journal   = {Comput.Mech.},
   volume    = {47},
   number    = {1},
   pages     = {105-116},
   note      = {DOI: 10.1007/s00466-010-0536-7. Open access},
   year      = {2010}
}

@inproceedings{Vollebregt2010c-cst2010,
   author    = {E.A.H. Vollebregt},
   title     = {Improving the speed and accuracy of the frictional rolling
                contact model ``{CONTACT}''},
   pages     = {1-15},
   note      = {DOI: 10.4203/ccp.93.17},
   crossref  = {Topping2010}
}

@misc{Vollebregt2010d-uguide-gui,
   author    = {A.M. Sewgobind and E.A.H. Vollebregt},
   title     = {User guide for the {CONTACT} {GUI}},
   howpublished = {Memo EV/M10.042, VORtech},
   year      = {2010}
}

@article{Vollebregt2011a-assessm,
   author    = {E.A.H. Vollebregt and S.D. Iwnicki and G. Xie and
                P. Shackleton},
   title     = {Assessing the accuracy of different simplified frictional
                rolling contact algorithms},
   journal   = {Vehicle System Dynamics},
   volume    = {50},
   number    = {1},
   pages     = {1-17},
   note      = {DOI: 10.1080/00423114.2011.552618},
   year      = {2012}
}

@inproceedings{Vollebregt2011b-iavsd2011,
   author    = {E.A.H. Vollebregt and C. Weidemann and A. Kienberger},
   title     = {Use of ``{CONTACT}'' in Multi-Body Vehicle Dynamics and
                Profile Wear Simulation: Initial Results},
   pages     = {1-6},
   note      = {\href{http://www.cmcc.nl/downloads/vollebregt2011b-iavsd2011.pdf}{Open access}},
   crossref  = {Iwnicki-iavsd2011}
}

@article{Vollebregt2012a-quasistd,
   author    = {E.A.H. Vollebregt and H.M. Schuttelaars},
   title     = {Quasi-static analysis of 2-dimensional rolling contact with
                slip-velocity dependent friction},
   journal   = {J. of Sound and Vibration},
   volume    = {331},
   number    = {9},
   pages     = {2141-2155},
   year      = {2012},
   note      = {DOI: 10.1016/j.jsv.2012.01.011}
}

@article{Vollebregt2014a-fftprec,
   author    = {E.A.H. Vollebregt},
   title     = {A new solver for the elastic normal contact problem using
                conjugate gradients, deflation, and an {FFT}-based
                preconditioner},
   journal   = {J. of Computational Physics},
   volume    = {257, Part A},
   pages     = {333-351},
   year      = {2014}
}
   note      = {doi.10.1016/j.jcp.2013.10.005}
keywords     = {contact mechanics; active set strategy; conjugate gradients
                method; preconditioners; Toeplitz matrices; fast Fourier
                transform}

@article{Vollebregt2014b-bccg,
   author    = {E.A.H. Vollebregt},
   title     = {The {B}ound-{C}onstrained {C}onjugate {G}radients method
                for non-negative matrices},
   journal   = {J. of Optimization Theory and Applications},
   volume    = {162},
   number    = {3},
   pages     = {931-953},
   year      = {2014},
   note      = {DOI: 10.1007/\-s10957-013-0499-x}
}
keywords     = {quadratic program; bound constraints; linear complementarity
                problem; conjugate gradients method; active set algorithm;
                elastic contact problem}

@article{Vollebregt2014c-tractcurv,
   author    = {E.A.H. Vollebregt},
   title     = {Numerical modeling of measured railway creep versus
                creep-force curves with {CONTACT}},
   journal   = {Wear},
   volume    = {314},
   pages     = {87-95},
   year      = {2014}
}
   note      = {DOI: 10.1016/j.wear.2013.11.030}

@article{Vollebregt2014d-conformal,
   author    = {E.A.H. Vollebregt and A. Segal},
   title     = {Solving conformal wheel-rail rolling contact problems},
   journal   = {Vehicle System Dynamics},
   volume    = {52},
   number    = {suppl. 1},
   pages     = {455-468},
   note      = {DOI: 10.1080/\-00423114.\-2014.\-906634},
   year      = {2014}
}
   note      = {DOI: 10.1080/\-00423114.\-2014.\-906634},
keywords     = {wheel-rail contact; creep forces; conformal contact;
                half-space approach; BEM; FEM}

@incollection{Vollebregt2015a-fastfall,
   author    = {E.A.H. Vollebregt},
   title     = {{FASTSIM} with falling friction and friction memory},
   booktitle = {Noise and Vibration Mitigation for Rail Transportation
                Systems; Proceedings of the 11th International Workshop
                on Railway Noise},
   editor    = {J.C.O. Nielsen and D. Anderson and P.E. Gautier and
                M. Iida and J.T. Nelson and D. Thompson and T. Tielkes and
                D.A. Towers and P. de Vos},
   series    = {Notes on Numerical Fluid Mechanics and Multidisciplinary
                Design},
   volume    = {126},
   pages     = {425-432},
   publisher = {Springer},
   address   = {Berlin Heidelberg},
   year      = {2015}
}

@inproceedings{Vollebregt2015b-iavsd2015,
   author    = {E.A.H. Vollebregt},
   title     = {New insights in non-steady rolling contact},
   crossref  = {Rosenberger-iavsd2015}
}

@inproceedings{Vollebregt2017a-iavsd2017,
   author    = {E.A.H. Vollebregt},
   title     = {Updates on the rocking phenomenon},
   pages     = {605-611},
   note      = {\href{https://www.cmcc.nl/downloads/vollebregt2017a-iavsd2017.pdf}{Open access}},
   crossref  = {Spiryagin-iavsd2017}
}

@article{Vollebregt2018a-sdec,
   author    = {E.A.H. Vollebregt},
   title     = {Comments on ``The {K}alker book of tables for
                non-{H}ertzian contact of wheel and rail''},
   journal   = {Vehicle System Dynamics},
   volume    = {56},
   number    = {9},
   pages     = {1451-1459},
   year      = {2018},
   note      = {DOI: 10.1080/\-00423114.2017.1421767}
}
keywords     = {wheel-rail contact; creep forces; non-Hertzian contact;
                book of tables}

@article{Vollebregt2018b-corrigendum,
   author    = {E.A.H. Vollebregt},
   title     = {Conformal Contact: Corrections and New Results},
   journal   = {Vehicle System Dynamics},
   year      = {2018},
   volume    = {56},
   number    = {10},
   pages     = {1622-1632},
   note      = {DOI: 10.1080/00423114.2018.1424917}
}
keywords     = {wheel-rail contact; creep forces; conformal contact;
                wheel-rail geometry}

@techreport{Vollebregt2019a-fra,
   author    = {E.A.H. Vollebregt and C.D. van der Wekken},
   title     = {Advanced Modeling of Wheel-Rail Friction Phenomena},
   number    = {TR19-11},
   institution = {VORtech},
   month     = {November},
   year      = {2019},
   note      = {FRA project}
}

@techreport{Vollebregt2020a-userguide,
   author    = {E.A.H. Vollebregt},
   title     = {User guide for {CONTACT}, {R}olling and sliding contact with
                friction},
   institution = {Vtech CMCC},
   number    = {TR20-01, version 23.2},
   year      = {2023},
   note      = {\href{https://www.cmcc.nl/downloads/user-guide.pdf}{See {\tt
                www.cmcc.nl/documentation}}}
}
   note      = {See {\tt www.cmcc.nl/\-docu\-men\-ta\-tion}}

@article{Vollebregt2020b-wrgeom,
   author    = {E.A.H. Vollebregt},
   title     = {Detailed wheel/rail geometry processing using the planar
                contact approach},
   journal   = {Vehicle System Dynamics},
   volume    = {60},
   number    = {4},
   pages     = {1253-1291},
   year      = {2022},
   note      = {\href{https://www.tandfonline.com/doi/full/10.1080/00423114.2020.1853180}{Open access}}
}

   doi       = {10.\-1080/\-00423114.\-2020.\-1853180},
   note      = {\href{https://www.tandfonline.com/doi/full/10.1080/00423114.2020.1853180}{Open access}}

@article{Vollebregt2020c-distr-force,
   author    = {E.A.H. Vollebregt},
   title     = {Detailed wheel/rail geometry processing using the conformal
                contact approach},
   journal   = {Multibody System Dynamics},
   volume    = {52},
   pages     = {135-167},
   year      = {2021},
   note      = {\href{https://link.springer.com/article/10.1007/s11044-020-09762-w}{Open access}}
}

@article{Vollebregt2021a-soa-paper,
   author    = {E.A.H. Vollebregt and K. Six and O. Polach},
   title     = {Challenges and progress in the understanding and modelling
                of the wheel--rail creep forces},
   journal   = {Vehicle System Dynamics},
   volume    = {59},
   number    = {7},
   pages     = {1026-1068},
   year      = {2021},
   note      = {\href{http://www.tandfonline.com/doi/abs/10.1080/00423114.2021.1912367}{Open access}}
}
doi          = 10.1080/00423114.2021.1912367

@misc{memo21004-licensing,
   author    = {E.A.H. Vollebregt},
   title     = {License management for {CONTACT} version 22.1},
   howpublished = {Memo EV/\-M21.\-004, Vtech CMCC},
   month     = {August},
   year      = {2022},
   note      = {\href{http://www.cmcc.nl/downloads/licensing.pdf}{Open access}}
}

@article{Vollebregt2022a-1flex,
   author    = {E.A.H. Vollebregt and P. Voltr},
   title     = {Improved accuracy for {FASTSIM} using one or three flexibility
                values},
   journal   = {Vehicle System Dynamics},
   volume    = {61},
   number    = {1},
   pages     = {309-317},
   year      = {2023},
   note      = {\href{https://www.tandfonline.com/doi/full/10.1080/00423114.2022.2042331}{Open access}}
}

@inproceedings{Vollebregt2022b-cm2022,
   author    = {E.A.H. Vollebregt and A. Darbani and A. Ashtekar and 
                K. Oldknow},
   title     = {Smoothing procedures for detailed wheel/rail geometry
                processing},
   pages     = {1-7},
   crossref  = {Meehan-cm2022}
}
   note      = {\href{https://www.cmcc.nl/downloads/vollebregt2022b-cm2022.pdf}{Open access}},
   pages     = {??},

@inproceedings{Vollebregt2023a-iavsd2023,
   author    = {E.A.H. Vollebregt and P. Klauser and A. Keylin and 
                P. Schreiber and D. Sammon and N. Wilson},
   title     = {Extension of {CONTACT} for switches and crossings and
                demonstration for {S\&C} benchmark cases},
   pages     = {paper 236},
   crossref  = {Huang-iavsd2023}
}

@misc{memo24004-simpack-usub,
   author    = {E.A.H. Vollebregt},
   title     = {User-subroutine for on-line integration of {CONTACT} in
                {S}impack {R}ail},
   howpublished = {Memo EV/\-M24.\-004, Vtech CMCC},
   month     = {April},
   year      = {2024}
}

@inproceedings{Wang_guangqiu1992b,
   author    = {G. Wang and J.J. Kalker},
   title     = {Three-dimensional rolling contact of two viscoelastic bodies},
   booktitle = {Contact Mechanics. Proceedings; International Symposium,
                October 7 - 9, 1992, Ecole Polytechnique F\'ed\'erale de
                Lausanne},
   editor    = {A. Curnier},
   publisher = {Presses Polytechniques et Universitaires Romandes},
   address   = {Lausanne},
   pages     = {477-490},
   year      = {1992}
}

@article{Wang_guangqiu1993,
  author     = {G. Wang and K. Knothe},
  title      = {Stress analysis for rolling contact between two viscoelastic
                cylinders},
  journal    = {Journal of Applied Mechanics; Transactions ASME},
  volume     = {60},
  pages      = {310-317},
  year       = {1993}
}

@inproceedings{Wekken2017a-wiggles,
   author    = {Wekken, C.D. van der and E.A.H. Vollebregt and C. Vuik},
   title     = {Occurrence and removal of wiggles in transient rolling
                contact simulation},
   pages     = {1-11},
   note      = {\href{http://www.cmcc.nl/downloads/wekken2017a-wiggles.pdf}{Open access}},
   crossref  = {Ambrosio2017-euromech}
}

@article{Wekken2019a-subsurf,
   author    = {Wekken, C.D. van der and E.A.H. Vollebregt},
   title     = {Numerical calculation of the elastic field in a half-space
                using bilinear elements},
   journal   = {Mathematics and Mechanics of Solids},
   volume    = {24},
   number    = {11},
   pages     = {3537-3553},
   year      = {2019}
}

@book{Winters2020,
   author    = {T. Winters and T. Manshreck and H. Wright},
   title     = {Software Engineering at Google; Lessons Learned from
                Programming over Time},
   publisher = {O'Reilly Media Inc.},
   address   = {Sebastopol, CA},
   year      = {2020}
}

@article{Zhao_Jing2015a-tangcg,
   author    = {J. Zhao and E.A.H. Vollebregt and C.W. Oosterlee},
   title     = {A fast nonlinear conjugate gradient based method for {3D}
                concentrated frictional contact problems},
   journal   = {J. of Computational Physics},
   volume    = {288},
   pages     = {86-100},
   year      = {2015}
}
keywords     = {frictional contact problem; azimuth angle variables; active
                set strategy; nonlinear conjugate gradient; preconditioner;
                fast Fourier transform}

@book{Ambrosio2017-euromech,
   editor    = {J. Ambr\'{o}sio and W. Schielen and J. Pombo},
   booktitle = {Proceedings of {EuroMech} colloquim 578 on Rolling
                Contact Mechanics for Multibody System Dynamics},
   title     = {Proceedings of {EuroMech} Colloquim 578 on Rolling
                Contact Mechanics for Multibody System Dynamics},
   publisher = {IDMEC},
   address   = {Lisbon, Portugal},
   year      = {2017}
}

@book{Bracciali2009,
   editor    = {A. Bracciali},
   title     = {Proceedings of the 8th International Conference on Contact
                Mechanics and Wear of Rail/Wheel Systems},
   booktitle = {Proceedings of the 8th International Conference on Contact
                Mechanics and Wear of Rail/Wheel Systems},
   publisher = {University of Firenze},
   address   = {Firenze, Italy},
   year      = {2009}
}

@book{Huang-iavsd2023,
   title     = {The 28th IAVSD Symposium on Dynamics of Vehicles on Roads
                and Tracks (IAVSD2023)},
   booktitle = {The 28th IAVSD Symposium on Dynamics of Vehicles on Roads
                and Tracks (IAVSD2023)},
   series    = {Lecture Notes in Mechanical Engineering},
   editor    = {W. Huang and M. Ahmadian},
   publisher = {Springer},
   address   = {Cham},
   year      = {2023}
}

@book{Iwnicki-iavsd2011,
   editor    = {S.D. Iwnicki},
   booktitle = {Proceedings of the 22nd International Symposium on
                Dynamics of Vehicles on Roads and Tracks},
   title     = {Proceedings of the 22nd International Symposium on
                Dynamics of Vehicles on Roads and Tracks},
   publisher = {IAVSD},
   address   = {Manchester},
   year      = {2011}
}

@book{Jacobson2000,
   editor    = {B. Jacobson and J.J. Kalker},
   title     = {Rolling Contact Phenomena},
   booktitle = {Rolling Contact Phenomena},
   series    = {CISM Courses and Lectures},
   volume    = {411},
   publisher = {Springer-Verlag},
   address   = {Wien New York},
   year      = {2000},
}

@book{Meehan-cm2022,
   editor    = {P. Meehan and W. Yan et al.},
   title     = {Proceedings of the 12th International Conference on Contact
                Mechanics and Wear of Rail/Wheel Systems},
   booktitle = {Proceedings of the 12th International Conference on Contact
                Mechanics and Wear of Rail/Wheel Systems},
   publisher = {Monash University},
   address   = {Australia},
   year      = {2022}
}

@book{Rosenberger-iavsd2015,
   editor    = {M. Rosenberger},
   booktitle = {Proceedings of the 24th International Symposium on
                Dynamics of Vehicles on Roads and Tracks},
   title     = {Proceedings of the 24th International Symposium on
                Dynamics of Vehicles on Roads and Tracks},
   publisher = {IAVSD},
   address   = {Graz, Austria},
   year      = {2015}
}

@book{Spiryagin-iavsd2017,
   editor    = {M. Spiryagin and T. Gordon and C. Cole and T. McSweeney},
   booktitle = {Proceedings of the 25th International Symposium on
                Dynamics of Vehicles on Roads and Tracks},
   title     = {Proceedings of the 25th International Symposium on
                Dynamics of Vehicles on Roads and Tracks},
   publisher = {IAVSD},
   address   = {Rockhampton, Queensland, Australia},
   year      = {2017}
}

@book{Topping2010,
   editor    = {B.H.V. Topping and J.M. Adam and F.J. Pallar\'es and R. Bru
                and M.L. Romero},
   booktitle = {Proceedings of the 10th International Conference on
                Computational Structures Technology},
   title     = {Proceedings of the 10th International Conference on
                Computational Structures Technology},
   publisher = {Civil-Comp Press},
   address   = {Stirlingshire, United Kingdom},
   year      = {2010}
}

@book{Zobory1996,
   editor    = {I. Zobory},
   booktitle = {Proceedings of the 2nd Mini Conference on Contact mechanics
                and Wear of Wheel/Rail systems},
   title     = {Proceedings of the 2nd Mini Conference on Contact mechanics
                and Wear of Wheel/Rail systems},
   publisher = {Technical University of Budapest},
   address   = {Hungary},
   year      = {1996}
}

